This file was created with JabRef 2.0.1.
Encoding: Cp1252

@ARTICLE{Raven1992,
  author = {Raven, A.},
  title = {Power/Interaction Model of Interpersonal Influence},
  journal = {Journal of Social Behavior and Personality},
  year = {1992},
  volume = {7},
  pages = {217-244},
  owner = {0083130u},
  timestamp = {2006.06.10},
}